@Article{Lamp86,
  author =       "A.B. Smith and C.D. Jones and E.F. Roberts",
  title =        "Article Title",
  journal = 	 "Journal",
  year = 	 "1920",
  volume = 	 "62",
  pages = 	 "291-294",
  month = 	 "January"
}

@article{giri,
    journal = {Knowledge-based systems},
    volume = {37},
    publisher = {Elsevier},
    year = {2013},
    pages = {274-282},
    title = {Automated diagnosis of Coronary Artery Disease affected patients using {LDA}, {PCA}, {ICA} and Discrete Wavelet Transform},
    language = {English},
    author = {Donna Giri and U. Rajendra Acharya and Roshan Joy Martis and S. Vinitha Sree and Teik-Cheng Lim and Thajudin Ahamed and Jasjit S. Suri}
}

@article{dolatabadi,
    journal = {Computer methods and programs in biomedicine},
    volume = {138},
    publisher = {Elsevier},
    year = {2017},
    pages = {117-126},
    title = {{Noninvasive detection and classification of coronary artery occlusions using wavelet analysis of heart sounds with neural networks}},
    language = {English},
    author = {Azam Davari Dolatabadi and Siamak Esmael Zadeh Khadem and Babak Mohammadzadeh Asl}
}

@article{patidar,
    journal = {Knowledge-based systems},
    volume = {82},
    publisher = {Elsevier},
    year = {2015},
    pages = {1-10},
    title = {Automated diagnosis of coronary artery disease using {tunable-Q} wavelet transform applied on heart rate signals},
    language = {English},
    author = {Shivnarayan Patidar and Ram Bilas Pachori and U. Rajendra Acharya}
}


@article{altan,
    journal = {European Journey of Engineering and Natural Sciences},
    volume = {2},
    publisher = {DergiPark Akademik},
    year = {2017},
    pages = {29-36},
    title = {Diagnosis of Coronary Artery Disease Using Deep Belief Networks},
    language = {English},
    author = {Gokhan Altan and Novruz Allahverdi and Yakup Kutlu}
}

@article{acharya,
    journal = {Knowledge-Based System},
    volume = {132},
    publisher = {Elsevier},
    year = {2017},
    pages = {62-71},
    title = {Automated Detection of Coronary Artery Disease Using Different Durations of ECG Segments with Convolutional Neural Network},
    language = {English},
    author = {U. Rajendra Acharya and Hamido Fujita and Oh Shu Lih and Muhammad Adam and Jen Hong Tan and Chua Kuang Chua}
}

@article{lih,
    journal = {Artificial Intelligence In Medicine},
    volume = {103},
    publisher = {Elsevier},
    year = {2020},
    pages = {1-8},
    title = {Comprehensive electrocardiographic diagnosis based on deep learning},
    language = {English},
    author = {Oh Shu Lih and V. Jahmunah and Tan Ru San and Edward J. Ciaccio, Toshitaka Yamakawa and Masayuki Tanabe and Makiko Kobayashi and Oliver Faust and U. Rajendra Acharya}
}

@article{tan,
    journal = {Computers in Biology and Medicine},
    volume = {94},
    publisher = {Elsevier},
    year = {2018},
    pages = {19-26},
    title = {Application of stacked convolutional and long short-term memory network for accurate identification of CAD ECG signals},
    language = {English},
    author = {Jen Hong Tan and Yuki Hagiwara and Winnie Pang and Ivy Lim and Shu Lih Oh and Muhammad Adam and Ru San Tan and Ming Chen and U. Rajendra Acharya}
}

@article{pan_tompkins,
journal = {IEEE Transactions on Biomedical Engineering},
volume = {BME-32},
number = {3},
pages = {230-236},
publisher = {IEEE},
year = {1985},
title = {{A real time QRS detection algorithm}},
language = {eng},
author = {Jiapu Pan and Willis J. Tompkins},
}

@article{sedghamiz2018biosigkit,
  title={BioSigKit: a Matlab toolbox and interface for analysis of biosignals},
  author={Sedghamiz, Hooman},
  journal={Journal of Open Source Software},
  volume={3},
  number={30},
  pages={671},
  year={2018}
}

@misc{pan_tompkins_matlab,
author = {Hooman Sedghamiz},
year = {2014},
title = {Matlab Implementation of {Pan Tompkins ECG QRS} Detector},
url = {https://doi.org/10.13140/RG.2.2.14202.59841}
}

@misc{MIT-BIH-Normal_sinus, author={Physionet}, title={{MIT-BIH} Normal Sinus Rhythm Database v1.0.0}, url={https://www.physionet.org/content/nsrdb/1.0.0/}}

@article{goldberger2000physiobank,
  title={PhysioBank, PhysioToolkit, and PhysioNet: components of a new research resource for complex physiologic signals},
  author={Goldberger, Ary L and Amaral, Luis AN and Glass, Leon and Hausdorff, Jeffrey M and Ivanov, Plamen Ch and Mark, Roger G and Mietus, Joseph E and Moody, George B and Peng, Chung-Kang and Stanley, H Eugene},
  journal={circulation},
  volume={101},
  number={23},
  pages={e215--e220},
  year={2000},
  publisher={Am Heart Assoc}
}

@article{jager2003long,
  title={Long-term ST database: a reference for the development and evaluation of automated ischaemia detectors and for the study of the dynamics of myocardial ischaemia},
  author={Jager, Franc and Taddei, Alessandro and Moody, George B and Emdin, Michele and Antoli{\v{c}}, G and Dorn, Roman and Smrdel, Ales and Marchesi, Carlo and Mark, Roger G},
  journal={Medical and Biological Engineering and Computing},
  volume={41},
  number={2},
  pages={172--182},
  year={2003},
  publisher={Springer}
}

@misc{Long_Term_ST, author={Physionet}, title={Long Term {ST} Database}, url={https://physionet.org/content/ltstdb/1.0.0/}}

@inproceedings{garcia2013comparison,
  title={A comparison of heartbeat detectors for the seismocardiogram},
  author={Garc{\'\i}a-Gonz{\'a}lez, Miguel A and Argelag{\'o}s-Palau, Ariadna and Fern{\'a}ndez-Chimeno, Mireya and Ramos-Castro, Juan},
  booktitle={Computing in Cardiology 2013},
  pages={461--464},
  year={2013},
  organization={IEEE}
}

@misc{combined_ecg_database, author={Physionet}, title={Combined measurement of {ECG}, Breathing and Seismocardiograms}, url={https://physionet.org/content/cebsdb/1.0.0/}}

@article{appEn_article,
    journal = {Proceedings of the National Academy of Sciences of the United States of America},
    volume = {88},
    pages = {2297-2301},
    publisher = {National Academy of Sciences},
    year = {1991},
    title = {{Approximate entropy as a measure of system complexity}},
    language = {eng},
    author = {Steve M. Pincus},
}

@article{sampEn_article,
    journal = {Methods in Enzymology},
    volume = {384},
    pages = {172-184},
    publisher = {Elsevier},
    year = {2004},
    title = {{Sample Entropy}},
    language = {eng},
    author = {Joshua S. Richman and Douglas E. Lake and J. Randall Moorman},
}


@article{CAD_article,
    journal = {Mayo Clin Proc.},
    volume = {84},
    pages = {1130-1146},
    publisher = {Mayo Clinic},
    year = {2009},
    title = {{Chronic Coronary Artery Disease: Diagnosis and Management}},
    language = {eng},
    author = {Andrew Cassar and David R. Holmes and Charanjit S. Rihal and Bernard J. Gersh},
}

@article{hrv_overview,
journal = {Frontiers in Public Health},
volume = {5},
number = {258},
publisher = {National Center for Biotechnology Information},
year = {2017},
title = {An Overview of Heart Rate Variability Metrics and Norms},
language = {eng},
author = {Fred Shaffer and J. P. Ginsberg},
}


@article{poincare,
journal = {Frontiers Physiology},
volume = {10},
pages = {116},
publisher = {Frontiers},
year = {2019},
title = {The Application of the Extended Poincaré Plot in the Analysis of Physiological Variabilities},
language = {eng},
author = {Reem Satti and Noor-Ul-Hoda Abid and Matteo Bottaro and Michele De Rui and Maria Garrido and Mohammad R. Raoufy and Sara Montagnese and Ali R. Mani},
}

@article{pca_article,
    journal = {Optik},
    volume = {127},
    pages = {3935-3944},
    publisher = {Elsevier},
    year = {2016},
    title = {{Overview of principal component analysis algorithm}},
    language = {eng},
    author = {Lingjun Li and Shigang Liu and Yali Peng and Zengguo Sun},
}

@article{svm_article,
    journal = {Neurocomputing},
    volume = {408},
    pages = {189-215},
    publisher = {Elsevier},
    year = {2020},
    title = {{A comprehensive survey on support vector machine classification: Applications, challenges and trends}},
    language = {eng},
    author = {Jair Cervantes and Farid Garcia-Lamont and Lisbeth Rodríguez-Mazahua and Asdrubal Lopez},
}


